@book{reed1975ii,
  title={II: Fourier Analysis, Self-Adjointness},
  author={Reed, Michael and Simon, Barry},
  volume={2},
  year={1975},
  publisher={Elsevier}
}

@book{brezis2011functional,
  title={Functional analysis, Sobolev spaces and partial differential equations},
  author={Brezis, Haim and Br{\'e}zis, Haim},
  volume={2},
  number={3},
  year={2011},
  publisher={Springer}
}

@book{arendt2010partielle,
  title={Partielle differenzialgleichungen},
  author={Arendt, Wolfgang and Urban, Karsten},
  year={2010},
  publisher={Springer}
}

@article{bucur2012minimization,
  title={Minimization of the k-th eigenvalue of the Dirichlet Laplacian},
  author={Bucur, Dorin},
  journal={Archive for Rational Mechanics and Analysis},
  volume={206},
  number={3},
  pages={1073--1083},
  year={2012},
  publisher={Springer}
}

@article{gomez2021any,
  title={Any three eigenvalues do not determine a triangle},
  author={G{\'o}mez-Serrano, Javier and Orriols, Gerard},
  journal={Journal of Differential Equations},
  volume={275},
  pages={920--938},
  year={2021},
  publisher={Elsevier}
}

@article{antunes2011inverse,
  title={On the inverse spectral problem for Euclidean triangles},
  author={Antunes, Pedro RS and Freitas, Pedro},
  journal={Proceedings of the Royal Society A: Mathematical, Physical and Engineering Sciences},
  volume={467},
  number={2130},
  pages={1546--1562},
  year={2011},
  publisher={The Royal Society Publishing}
}

@article{kac1966can,
  title={Can one hear the shape of a drum?},
  author={Kac, Mark},
  journal={The american mathematical monthly},
  volume={73},
  number={4P2},
  pages={1--23},
  year={1966},
  publisher={Taylor \& Francis}
}

@article{gordon1992isospectral,
  title={Isospectral plane domains and surfaces via Riemannian orbifolds},
  author={Gordon, Carolyn and Webb, David and Wolpert, Scott},
  journal={Inventiones mathematicae},
  volume={110},
  number={1},
  pages={1--22},
  year={1992},
  publisher={Springer}
}

@article{dirac1928quantum,
  title={The quantum theory of the electron},
  author={Dirac, Paul Adrien Maurice},
  journal={Proceedings of the Royal Society of London. Series A, Containing Papers of a Mathematical and Physical Character},
  volume={117},
  number={778},
  pages={610--624},
  year={1928},
  publisher={The Royal Society London}
}

@article{briet2022spectral,
  title={Spectral optimization of Dirac rectangles},
  author={Briet, Philippe and Krej{\v{c}}i{\v{r}}{\'\i}k, David},
  journal={Journal of Mathematical Physics},
  volume={63},
  number={1},
  pages={013502},
  year={2022},
  publisher={AIP Publishing LLC}
}

@article{vu2023spectral,
  title={Spectral inequality for Dirac right triangles},
  author={Vu, Tuyen},
  journal={arXiv preprint arXiv:2302.13040},
  year={2023}
}

 @misc{krejcirik_larson_lotoreichik_2019,
  title={Problem List of the AIM Workshop},
  url={http://aimpl.org/shapesurface/},
  journal={Shape optimization with surface interactions},
  author={Krejcirik, David and Larson, Simon and Lotoreichik, Vladimir},
  year={2019}} 
  
@article{lotoreichik2019sharp,
  title={A sharp upper bound on the spectral gap for graphene quantum dots},
  author={Lotoreichik, Vladimir and Ourmi{\`e}res-Bonafos, Thomas},
  journal={Mathematical Physics, Analysis and Geometry},
  volume={22},
  pages={1--30},
  year={2019},
  publisher={Springer}
}

@article{benguria2017spectral,
  title={Spectral gaps of Dirac operators describing graphene quantum dots},
  author={Benguria, Rafael D and Fournais, S{\o}ren and Stockmeyer, Edgardo and Van Den Bosch, Hanne},
  journal={Mathematical Physics, Analysis and Geometry},
  volume={20},
  pages={1--12},
  year={2017},
  publisher={Springer}
}

@article{freitas2008sharp,
  title={A sharp upper bound for the first Dirichlet eigenvalue and the growth of the isoperimetric constant of convex domains},
  author={Freitas, Pedro and Krej{\v{c}}i{\v{r}}{\'\i}k, David},
  journal={Proceedings of the American Mathematical Society},
  volume={136},
  number={8},
  pages={2997--3006},
  year={2008}
}

@book{courant2008methods,
  title={Methods of mathematical physics: partial differential equations},
  author={Courant, Richard and Hilbert, David},
  year={2008},
  publisher={John Wiley \& Sons}
}

@book{rudin1991functional,
  title={Functional Analysis},
  author={Rudin, W.},
  isbn={9780070542365},
  lccn={lc90005677},
  series={International series in pure and applied mathematics},
  url={https://books.google.pt/books?id=Sh\_vAAAAMAAJ},
  year={1991},
  publisher={McGraw-Hill}
}

@book{quarteroni1999domain,
  title={Domain decomposition methods for partial differential equations},
  author={Quarteroni, Alfio and Valli, Alberto},
  number={BOOK},
  year={1999},
  publisher={Oxford University Press}
}

@book{adams2003sobolev,
  title={Sobolev spaces},
  author={Adams, Robert A and Fournier, John JF},
  year={2003},
  publisher={Elsevier}
}

@book{lions2012non,
  title={Non-homogeneous boundary value problems and applications: Vol. 1},
  author={Lions, Jacques Louis and Magenes, Enrico},
  volume={181},
  year={2012},
  publisher={Springer Science \& Business Media}
}

@book{evans2022partial,
  title={Partial differential equations},
  author={Evans, Lawrence C},
  volume={19},
  year={2022},
  publisher={American Mathematical Society}
}

@book{salsa2016partial,
  title={Partial differential equations in action: from modelling to theory},
  author={Salsa, Sandro},
  volume={99},
  year={2016},
  publisher={Springer}
}

@book{sauvigny2012partial,
  title={Partial Differential Equations 1: Foundations and Integral Representations},
  author={Sauvigny, Friedrich},
  year={2012},
  publisher={Springer Science \& Business Media}
}

@misc{huguinho,
  title = {Partial Differential Equations, lecture notes},
  author = {Hugo Tavares},
  note  =  {\url{https://ulisboa-my.sharepoint.com/:b:/g/personal/ist27898_tecnico_ulisboa_pt/EfizUpSVmCRCo0Nst2a-sacBDwFrkPuh9w8A55EU9BoFmA?e=kY5B2R}},
  note = {Accessed: 28-4-2023},
}

@article{alves2009choice,
  title={On the choice of source points in the method of fundamental solutions},
  author={Alves, Carlos JS},
  journal={Engineering Analysis with Boundary Elements},
  volume={33},
  number={12},
  pages={1348--1361},
  year={2009},
  publisher={Elsevier}
}

@article{bogomolny1985fundamental,
  title={Fundamental solutions method for elliptic boundary value problems},
  author={Bogomolny, Alexander},
  journal={SIAM Journal on Numerical Analysis},
  volume={22},
  number={4},
  pages={644--669},
  year={1985},
  publisher={SIAM}
}

@book{borthwick2020spectral,
  title={Spectral Theory: Basic Concepts and Applications},
  author={Borthwick, David},
  volume={284},
  year={2020},
  publisher={Springer Nature}
}

@book{evans2015measure,
  title={Measure theory and fine properties of functions},
  author={Evans, Lawrence Craig and Gariepy, Ronald F},
  year={2015},
  publisher={CRC press}
}

@inproceedings{geymonat2007trace,
  title={Trace theorems for Sobolev spaces on Lipschitz domains. Necessary conditions},
  author={Geymonat, Giuseppe},
  booktitle={Annales math{\'e}matiques Blaise Pascal},
  volume={14},
  number={2},
  pages={187--197},
  year={2007}
}

@book{necas2011direct,
  title={Direct methods in the theory of elliptic equations},
  author={Necas, Jindrich},
  year={2011},
  publisher={Springer Science \& Business Media}
}

@article{amemiya1983non,
  title={Non-linear regression models},
  author={Amemiya, Takeshi},
  journal={Handbook of econometrics},
  volume={1},
  pages={333--389},
  year={1983},
  publisher={Elsevier}
}

@book{axler2013harmonic,
  title={Harmonic function theory},
  author={Axler, Sheldon and Bourdon, Paul and Wade, Ramey},
  volume={137},
  year={2013},
  publisher={Springer Science \& Business Media}
}

@article{chandler2017sobolev,
  title={Sobolev spaces on non-Lipschitz subsets of R n with application to boundary integral equations on fractal screens},
  author={Chandler-Wilde, Simon N and Hewett, David P and Moiola, Andrea},
  journal={Integral Equations and Operator Theory},
  volume={87},
  number={2},
  pages={179--224},
  year={2017},
  publisher={Springer}
}

@article{hewett2017note,
  title={A note on properties of the restriction operator on Sobolev spaces},
  author={Hewett, David P and Moiola, Andrea},
  journal={Journal of Applied Analysis},
  volume={23},
  number={1},
  pages={1--8},
  year={2017},
  publisher={De Gruyter}
}

@book{chen2010boundary,
  title={Boundary element methods with applications to nonlinear problems},
  author={Chen, Goong and Zhou, Jianxin},
  volume={7},
  year={2010},
  publisher={Springer Science \& Business Media}
}

@book{hormander2015analysis,
  title={The analysis of linear partial differential operators I: Distribution theory and Fourier analysis},
  author={H{\"o}rmander, Lars},
  year={2015},
  publisher={Springer}
}

@book{narasimhan2012complex,
  title={Complex analysis in one variable},
  author={Narasimhan, Raghavan and Nievergelt, Yves},
  year={2012},
  publisher={Springer Science \& Business Media}
}

@book{kress2013linear,
  title={Linear Integral Equations},
  author={Kress, R.},
  isbn={9781461495932},
  lccn={2013954393},
  series={Applied Mathematical Sciences},
  year={2013},
  publisher={Springer New York}
}

@book{colton2013integral,
  title={Integral equation methods in scattering theory},
  author={Colton, David and Kress, Rainer},
  year={2013},
  publisher={SIAM}
}

@phdthesis{svilen_phd,
    title    = {Numerical Analysis of Methods with Fundamental Solutions for Acoustic and Elastic Wave Propagation Problems},
    author   = {Valtchev, Svilen},
    year     = {2008}, 
    school   = {Universidade Técnica de Lisboa, Instituto Superior Técnico},
}

@article{alves2005new,
  title={A new method of fundamental solutions applied to nonhomogeneous elliptic problems},
  author={Alves, CJS and Chen, CS},
  journal={Advances in Computational Mathematics},
  volume={23},
  pages={125--142},
  year={2005},
  publisher={Springer}
}

@article{kitagawa1988numerical,
  title={On the numerical stability of the method of fundamental solution applied to the Dirichlet problem},
  author={Kitagawa, Takashi},
  journal={Japan Journal of Applied Mathematics},
  volume={5},
  pages={123--133},
  year={1988},
  publisher={Springer}
}

@article{kitagawa1991asymptotic,
  title={Asymptotic stability of the fundamental solution method},
  author={Kitagawa, Takashi},
  journal={Journal of Computational and Applied Mathematics},
  volume={38},
  number={1-3},
  pages={263--269},
  year={1991},
  publisher={Elsevier}
}

@article{christiansen1981condition,
  title={Condition number of matrices derived from two classes of integral equations},
  author={Christiansen, S{\o}ren and Meister, E},
  journal={Mathematical Methods in the Applied Sciences},
  volume={3},
  number={1},
  pages={364--392},
  year={1981},
  publisher={Wiley Online Library}
}

@article{barnett2008stability,
  title={Stability and convergence of the method of fundamental solutions for Helmholtz problems on analytic domains},
  author={Barnett, Alex H and Betcke, Timo},
  journal={Journal of Computational Physics},
  volume={227},
  number={14},
  pages={7003--7026},
  year={2008},
  publisher={Elsevier}
}

@article{li2000singularities,
  title={Singularities and treatments of elliptic boundary value problems},
  author={Li, Zi-Cai and Lu, Tzon-Tzer},
  journal={Mathematical and Computer Modelling},
  volume={31},
  number={8-9},
  pages={97--145},
  year={2000},
  publisher={Elsevier}
}

@article{alves2005method,
  title={The method of fundamental solutions applied to the calculation of eigenfrequencies and eigenmodes of 2D simply connected shapes},
  author={Alves, Carlos JS and Antunes, Pedro RS},
  journal={CMC-TECH SCIENCE PRESS-},
  volume={2},
  number={4},
  pages={251},
  year={2005},
  publisher={TECH SCIENCE PRESS}
}

@article{betcke2005reviving,
  title={Reviving the method of particular solutions},
  author={Betcke, Timo and Trefethen, Lloyd N},
  journal={SIAM review},
  volume={47},
  number={3},
  pages={469--491},
  year={2005},
  publisher={SIAM}
}
